<record><leader>00000cas a22000007a 4500</leader><controlfield tag="001">29742050</controlfield><controlfield tag="008">940203d19731975nmumr ne      0    0eng d</controlfield><datafield ind1=" " ind2=" " tag="010"><subfield code="a">sn 94056818 </subfield></datafield><datafield ind1=" " ind2=" " tag="040"><subfield code="a">NVM</subfield><subfield code="b">eng</subfield><subfield code="c">NVM</subfield><subfield code="d">OCLCQ</subfield><subfield code="d">OCLCO</subfield></datafield><datafield ind1="1" ind2=" " tag="029"><subfield code="a">AU@</subfield><subfield code="b">000025897013</subfield></datafield><datafield ind1=" " ind2=" " tag="042"><subfield code="a">msc</subfield></datafield><datafield ind1=" " ind2=" " tag="043"><subfield code="a">n-us-nm</subfield></datafield><datafield ind1="0" ind2="0" tag="245"><subfield code="a">Moreno Valley lantern.</subfield></datafield><datafield ind1=" " ind2=" " tag="260"><subfield code="a">Eagle Nest, N.M. :</subfield><subfield code="b">Sangre de Cristo Pub. Co.</subfield></datafield><datafield ind1=" " ind2=" " tag="300"><subfield code="a">v.</subfield></datafield><datafield ind1=" " ind2=" " tag="310"><subfield code="a">Monthly</subfield></datafield><datafield ind1="0" ind2=" " tag="362"><subfield code="a">Vol. 1, no. 1 (July 1973)-v.2, no. 7 (Jan. 1975).</subfield></datafield><datafield ind1=" " ind2="0" tag="651"><subfield code="a">Eagle Nest (N.M.)</subfield><subfield code="v">Newspapers.</subfield></datafield><datafield ind1=" " ind2="0" tag="651"><subfield code="a">Colfax County (N.M.)</subfield><subfield code="v">Newspapers.</subfield></datafield><datafield ind1=" " ind2=" " tag="752"><subfield code="a">United States</subfield><subfield code="b">New Mexico</subfield><subfield code="c">Colfax</subfield><subfield code="d">Eagle Nest.</subfield></datafield><datafield ind1="0" ind2="7" tag="785"><subfield code="t">Red River prospector (Eagle Nest, N.M.)</subfield><subfield code="w">(DLC)sn 96083046</subfield></datafield><datafield ind1="0" ind2="7" tag="785"><subfield code="t">Sangre de Cristo chronicle</subfield><subfield code="w">(DLC)sn 93061421</subfield></datafield></record>